<record xmlns="http://www.openarchives.org/OAI/2.0/" xmlns:xsi="http://www.w3.org/2001/XMLSchema-instance"><header><identifier>oai:alma.34CSIC_INST:990012274300204201</identifier><datestamp>2020-02-06T08:41:03Z</datestamp><setSpec>manuscripta</setSpec></header><metadata><record xmlns="http://www.loc.gov/MARC21/slim" xmlns:xsi="http://www.w3.org/2001/XMLSchema-instance" xsi:schemaLocation="http://www.loc.gov/MARC21/slim http://www.loc.gov/standards/marcxml/schema/MARC21slim.xsd"><leader>10299ntm a2200673 i 4500</leader><controlfield tag="005">20181031100340.0</controlfield><controlfield tag="008">100330q14571457sp            000 0 ara d</controlfield><controlfield tag="001">990012274300204201</controlfield><datafield tag="035" ind1=" " ind2=" "><subfield code="a">CSIC001227430</subfield></datafield><datafield tag="035" ind1=" " ind2=" "><subfield code="a">(ES-MaCSI)001227430MAD01-Aleph</subfield></datafield><datafield tag="035" ind1=" " ind2=" "><subfield code="a">(OCoLC)1123922548
</subfield></datafield><datafield tag="040" ind1=" " ind2=" "><subfield code="a">ES-MaCSI</subfield><subfield code="b">spa</subfield></datafield><datafield tag="080" ind1=" " ind2=" "><subfield code="a">091(=411.21)</subfield></datafield><datafield tag="080" ind1=" " ind2=" "><subfield code="a">348.9:28</subfield></datafield><datafield tag="100" ind1="1" ind2=" "><subfield code="a">أبُو مُحَمَّد عَبْدُ الله بْن نَجْم بْن شَأسٍ</subfield></datafield><datafield tag="240" ind1="1" ind2="0"><subfield code="a">الجواهر الثمينة في مذهب عالم المدينة</subfield></datafield><datafield tag="245" ind1="1" ind2="0"><subfield code="a">عقد الجواهر الثمينة في مذهب عالم المدينة</subfield><subfield code="h">[Manuscrito]</subfield></datafield><datafield tag="260" ind1=" " ind2=" "><subfield code="a">[S.l.] :</subfield><subfield code="b">[s.n.],</subfield><subfield code="c">1457 [10-20 Ramadan 861/1-11 agosto 1457].</subfield></datafield><datafield tag="300" ind1=" " ind2=" "><subfield code="a">334 ff. y dos de guarda (1 col. 29-30 líneas por pág.) :</subfield><subfield code="b">Papel tratado ;</subfield><subfield code="c">28,7x20,5 cm. (caja: 21,5x14 cm.).</subfield></datafield><datafield tag="490" ind1="0" ind2=" "><subfield code="a">Manuscripta</subfield></datafield><datafield tag="500" ind1=" " ind2=" "><subfield code="a">Incipit: [بعد البسملة والتصلية] قَالَ الشَيْجُ الْفَقِيهُ الإِمَامُ الْعَالِمُ أَبُو مُحَمَّدٍ عَبْدُ الله بْن نَجْم بْن شَأْسٍ رحمه الله ونفح به الحمد لله الذي فضل العقلا بالعلم على ساير مخلوقاته وجعل منازلَهم في الفضل بحسَبِ</subfield></datafield><datafield tag="500" ind1=" " ind2=" "><subfield code="a">Explicit:ما يُقَرِب من اجره وثوابه ويباعد من سخطه وعقابه بمحمد واله ولنختم الكتاب بالصلاة عليه صلى الله عليه وعلى اله وصحبه وسلم تسليما كثيرا كثيرا.</subfield></datafield><datafield tag="500" ind1=" " ind2=" "><subfield code="a">Copista: يوسف بن ابرهيم السمريلي</subfield></datafield><datafield tag="500" ind1=" " ind2=" "><subfield code="a">Colofón: كمل السفر الثالث من عقد الجواهر الثمينة في مذهب عالم المذينة وبه كمل جميع الكتاب والحمد لله وكان الفراغ منه في العشر لاوسط من شهر رمضان المعظم سنة احد وستين وثمانيماية على يدي العبد الفقير الى الله تعلى يوسف بن ابرهيم السمريلي وفقه الله تعلى</subfield></datafield><datafield tag="500" ind1=" " ind2=" "><subfield code="a">Tinta negra y roja (f. 85 y 86).</subfield></datafield><datafield tag="500" ind1=" " ind2=" "><subfield code="a">Características especiales: Algunas palabras en tinta negra más gruesa.</subfield></datafield><datafield tag="500" ind1=" " ind2=" "><subfield code="a">Ilustración: No</subfield></datafield><datafield tag="500" ind1=" " ind2=" "><subfield code="a">Ilustraciones: No</subfield></datafield><datafield tag="500" ind1=" " ind2=" "><subfield code="a">24 cuadernos de 6 bifolios, 1 de 7 bifolios y 2 de 5 bifolios, uno de ellos con tres folios añadidos.</subfield></datafield><datafield tag="500" ind1=" " ind2=" "><subfield code="a">Deterioro generales: Encuadernación bastante deteriorada, con galerías por insectos. Humedades en los folios, y algunos del inicio dañados en el borde externo.</subfield></datafield><datafield tag="500" ind1=" " ind2=" "><subfield code="a">H. en blanco: 164v y una sin numerar entre el 164 y el 165.</subfield></datafield><datafield tag="500" ind1=" " ind2=" "><subfield code="a">H. dañadas, mutiladas y sueltas: Dañadas en el borde externo: 1-23. Sueltas: 9, 10, 83, 94, 153, 164, 188, 208, 221, 232, 233, 244, 245, 256, 257, 268, 269, 280, 293, 304, 305, 318, 319, y las dos de guarda.</subfield></datafield><datafield tag="500" ind1=" " ind2=" "><subfield code="a">H. faltan o añadidas: No.</subfield></datafield><datafield tag="500" ind1=" " ind2=" "><subfield code="a">Foliación: 1-331, a tinta negra en la parte superior derecha del verso. (salto en la foliación del 190 al 200).</subfield></datafield><datafield tag="500" ind1=" " ind2=" "><subfield code="a">Reclamos en los cuadernos. Menos en el comprendido entre los ff. 153-164.</subfield></datafield><datafield tag="500" ind1=" " ind2=" "><subfield code="a">Sin signaturas de cuaderno</subfield></datafield><datafield tag="500" ind1=" " ind2=" "><subfield code="a">Pautado: No se aprecia. Distancia interlineal regular: 0,7 cm.</subfield></datafield><datafield tag="500" ind1=" " ind2=" "><subfield code="a">Filigrana: Bifolios 326-327, 324-329, 322-331: flor con forma de tulipán, similar a Briquet, nº6648. En múltiples bifolios: carros (Briquet, nº3527 y 3544).</subfield></datafield><datafield tag="500" ind1=" " ind2=" "><subfield code="a">Signatura antigua: Sello azul y blanco en la primera hoja de guarda: “2”. Junta 2.</subfield></datafield><datafield tag="500" ind1=" " ind2=" "><subfield code="a">Muchas notas marginales contemporáneas a la copia (muy amplias en ff. 95r y 96r). Algunas son correcciones de la comparación con el original. Al final de la obra, en f. 331v: “323 waraqa” f.1r: a tinta, mano moderna, título y autor de la obra en árabe, precedido de: “según el prólogo la obra se llama”. 1ª hoja de guarda: sentencias por distinta mano que la obra. En el verso: índice de los epígrafes. Folios sueltos con textos ajenos a la obra entre ff. 20-21, 54-55 y 292-293.</subfield></datafield><datafield tag="510" ind1="3" ind2=" "><subfield code="a">Descripción y Bibliografía: J. Ribera y M. Asín (dirs.), Manuscritos árabes y aljamiados de la biblioteca de la Junta : noticia y extractos, Madrid: Junta para la ampliación de Estudios e Investigaciones Científicas, 1912, 3-9.</subfield></datafield><datafield tag="520" ind1=" " ind2=" "><subfield code="a">Exposición de los principios de la escuela Malikí según el método y plan seguidos por Algazel en su obra al-Waŷīz fi fiqh al-imām al-šāfiʽī, por ʽAbd Allāh b. Naŷl b. Šās b. Nizār b. ʽAšāʼir b. ʽAbd Allāḥ b. Muḥammad b. Šās al-Ŷuḍāmī al-Saʽadi al-Faqīh al-Mālikī (Ibn Farḥūn, Dībaŷ, El Cairo, 1972, 443).</subfield></datafield><datafield tag="530" ind1=" " ind2=" "><subfield code="a">Mª del P. Martínez Olmo, Colección de manuscritos árabes y aljamiados de la Biblioteca del Instituto de Filología del CSIC, Instituto de Filología CSIC, Madrid, 1998 (4 Cd-Rom), CD 1. -Instituto Miguel Asín de Estudios Arabes, Colección de manuscritos árabes y aljamiados, Microforma, Madrid: 1983-84, 25 rollos, Ms. 1 y 2.</subfield></datafield><datafield tag="541" ind1=" " ind2=" "><subfield code="a">Procedencia: Almonacid de la Sierra. Pablo Gil. Sección Árabe Centro de Estudios Históricos (JAE). Escuela de Estudios Árabes de Madrid. Instituto de Filología, CSIC.</subfield><subfield code="b">Ingreso: Junio de 1910.</subfield></datafield><datafield tag="546" ind1=" " ind2=" "><subfield code="a">En árabe</subfield><subfield code="b">escritura magrebí</subfield></datafield><datafield tag="563" ind1=" " ind2=" "><subfield code="a">Encuadernado en cartera de cuero, con una cuerda en la solapa. Cuero estampado con motivos geométricos. Restos de papel en las contracubiertas.</subfield></datafield><datafield tag="595" ind1=" " ind2=" "><subfield code="a">No.</subfield></datafield><datafield tag="650" ind1=" " ind2="7"><subfield code="a">Manuscritos árabes.</subfield><subfield code="2">CSICAU</subfield></datafield><datafield tag="650" ind1=" " ind2="7"><subfield code="a">Manuscritos aljamiados.</subfield><subfield code="2">CSICAU</subfield></datafield><datafield tag="650" ind1=" " ind2="7"><subfield code="a">Derecho islámico.</subfield><subfield code="2">CSICAU</subfield></datafield><datafield tag="650" ind1=" " ind2="7"><subfield code="a">Jurisprudencia.</subfield><subfield code="2">CSICAU</subfield></datafield><datafield tag="650" ind1=" " ind2="7"><subfield code="a">Malikíes.</subfield><subfield code="2">CSICAU</subfield></datafield><datafield tag="700" ind1="1" ind2=" "><subfield code="a">Abū Muḥammad ʽAbd Allāh b. Naŷm b. Šās</subfield></datafield><datafield tag="700" ind1="1" ind2=" "><subfield code="a">Yūsuf b. Ibrahīm al-Samarīlī</subfield><subfield code="e">copista</subfield></datafield><datafield tag="730" ind1="0" ind2=" "><subfield code="a">[Al-ŷawāhir al-ṯamīna fī maḏhab ʽālim al-madīna]</subfield></datafield><datafield tag="740" ind1="0" ind2=" "><subfield code="a">ʽIqd al-ŷawāhir al-ṯamīna fī maḏhab ʽālim al-madīna</subfield></datafield><datafield tag="830" ind1=" " ind2="0"><subfield code="a">Manuscripta</subfield></datafield><datafield tag="856" ind1="4" ind2="1"><subfield code="u">http://aleph.csic.es/imagenes/mad01/0006_PMSC/P_001227430_650762_V00.pdf</subfield><subfield code="z">Descargar Pdf completo (61M)</subfield><subfield code="m">CSIC</subfield></datafield><datafield tag="856" ind1="4" ind2="1"><subfield code="u">http://simurg.bibliotecas.csic.es/viewer/image/CSIC001227430/1/</subfield><subfield code="z">Ver texto completo en SIMURG, el portal de fondos digitalizados del CSIC</subfield><subfield code="m">CSIC</subfield></datafield><datafield tag="856" ind1="4" ind2="1"><subfield code="u">http://aleph.csic.es/imagenes/mad01/0006_PMSC/html/001227430.html</subfield><subfield code="z">Ver texto completo en Bookreader</subfield></datafield></record></metadata></record>